%@article{{GHLM},
%author = {Gray, Hurst, Lewis, Meyer},
%title = {Analysis and Design of Analog Integrated Circuits}
%}