@book{analog-design-feedback-lundberg,
    author={{Kent (klund@alum.mit.edu)} Lundberg},
    title={Feedback Systems for Analog Circuit Design},
    version = {5.3},
    date={2008}
}

@book{analysis-design-analog-ics,
    author={Paul R. Gray and Paul J. Hurst and Stephen H. Lewis and Robert G. Meyer},
    title={Analysis and Design of Analog Integrated Circuits},
    publisher = {John Wiley \& Sons, Inc.},
    edition = {4},
    date={2001}
}

@online{cr-bond-twin-t-notch,
    author = {C. R. Bond},
    title = {Problems and Solutions in Mathematics, Physics and Applied Sciences - Design Notes: Twin `T' RC Notch Filter},
    url = {https://web.archive.org/web/20190601002258/http://crbond.com/papers/ent24.pdf},
    date = {2019-06-01}
}

@online{basic-linear-design-adi,
    editor = {Hank Zumbahlen},
    organization = {Analog Devices, Inc.},
    title = {Basic Linear Design},
    url = {https://www.analog.com/en/resources/technical-books/linear-circuit-design-handbook.html},
    date = {2007},
    isbn = {0-916550-28-1}
}

@book{microelectronics-neaman,
    author={Donald A. Neamen},
    title={Microelectronics: Circuit Analysis and Design},
    publisher = {McGraw-Hill},
    edition = {3},
    date={2007}
}

@book{op-amp-circuits-johnson,
    author={David E. Johnson and V. Jayakumar},
    title={Operational Amplifier Circuits: Design and Application},
    publisher = {Prentice-Hall},
    date={1982-01-01}
}

@online{op-amps-for-everyone,
    editor = {Ron Mancini},
    organization = {Texas Instruments, Inc.},
    title = {Op Amps for Everyone},
    url = {https://web.mit.edu/6.101/www/reference/op_amps_everyone.pdf},
    date = {2002-08}
}